@INPROCEEDINGS{Philippe:Mapping:Crypto90,
  author =       {Philippe Flajolet and Andrew M. Odlyzko},
  title =        {Random Mapping Statistics},
  booktitle =    {Advances in Cryptology -- Crypto'89},
  series =        LNCS,
  volume =       {434},
  year =         {1990},
  pages  =       {329--354},
}

@article{umeno2013chaotic:TIT13,
  title =        {Chaotic method for generating $q$-Gaussian random variables},
  author =       {Umeno, Ken and Sato, Aki-Hiro},
  journal =      {IEEE Transactions on Information Theory},
  volume =       {59},
  number =       {5},
  pages =        {3199--3209},
  year =         {2013},
}

@article{chen2012period,
  title={Period distribution of generalized discrete Arnold cat map for $N=p^e$},
  author={Chen, Fei and Wong, Kwok-Wo and Liao, Xiaofeng and Xiang, Tao},
  journal={IEEE Transactions on Information Theory},
  volume={58},
  number={1},
  pages={445--452},
  year={2012},
}

@article{Voss:computer:1989,
  author =       {David F. Voss},
  title =        {Chaos on computers},
  journal =      {Science},
  year =         {1989},
  volume =       {246},
  number =       {4934},
  pages =        {1172--1172},
}

@article{ozturk2014cycle,
  title =        {Cycle lengths and correlation properties of finite precision chaotic maps},
  author =       {{\"O}zt{\"u}rk, {\.I}smail and Kili{\c{c}}, Recai},
  journal =      {International Journal of Bifurcation and Chaos},
  volume =       {24},
  number =       {09},
  pages =        {1450107},
  year =         {2014},
}

@article{wang2004periodicity,
  title =        {Periodicity of chaotic trajectories in realizations of finite computer precisions and its implication in chaos communications},
  author =       {Wang, Shihong and Liu, Weirong and Lu, Huaping and Kuang, Jinyu and Hu, Gang},
  journal =      {International journal of modern physics B},
  volume =       {18},
  number =       {17},
  pages =        {2617--2622},
  year =         {2004},
}

@ARTICLE{LiShujun:Rules:IJBC2006,
  author =       {Gonzalo Alvarez and Shujun Li},
  title =        {Some Basic Cryptographic Requirements for Chaos-Based Cryptosystems},
  JOURNAL =      IJBC,
  volume =       {16},
  number =       {8},
  YEAR =         {2006},
  pages =        {2129-2151},
}

@article{miyazaki2010properties,
  title={Some properties of {Logistic} maps over integers},
  author={Miyazaki, Takeru and Araki, Shunsuke and Uehara, Satoshi},
  journal={IEICE Transactions on Fundamentals of Electronics, Communications and Computer Sciences},
  volume={93},
  number={11},
  pages={2258--2265},
  year={2010},
}

@online{Hua:model:CAS17,
  author =       {Zhongyun Hua and Yicong Zhou},
  title =        {One-Dimensional Nonlinear Model for Producing Chaos},
  howpublished = {\textit{IEEE Transactions on Circuits and Systems I: Regular Papers}, \url{https://doi.org/10.1109/TCSI.2017.2717943}},
  year =         {2017},
}

@article{addabbo2006feedback,
  title =        {A feedback strategy to improve the entropy of a chaos-based random bit generator},
  author =       {Addabbo, Tommaso and Alioto, Massimo and Fort, Ada and Rocchi, Santina and Vignoli, Valerio},
  journal =      {IEEE Transactions on Circuits and Systems I: Regular Papers},
  volume =       {53},
  number =       {2},
  pages =        {326--337},
  year =         {2006},
}

@article{stojanovski2001chaos,
  title =        {Chaos-based random number generators-part I: analysis [cryptography]},
  author =       {Stojanovski, Toni and Kocarev, Ljupco},
  journal =      {IEEE Transactions on Circuits and Systems I: Fundamental Theory and Applications},
  volume =       {48},
  number =       {3},
  pages =        {281--288},
  year =         {2001},
}

@article{stojanovski2001chaos,
  title =        {Chaos-based random number generators. Part II: practical realization},
  author =       {Stojanovski, Toni and Pihl, Johnny and Kocarev, Ljupco},
  journal =      {IEEE Transactions on Circuits and Systems I: Fundamental Theory and Applications},
  volume =       {48},
  number =       {3},
  pages =        {382--385},
  year =         {2001},
}

@article{WangQX:HDDCS:TCAS2016,
  author =       {Qianxue Wang and Simin Yu and Chengqing Li and Jinhu L\"u and Xiaole Fang and Christophe Guyeux and Jacques M. Bahi},
  title =        {Theoretical Design and {FPGA}-Based Implementation of Higher-Dimensional Digital Chaotic Systems},
  journal =      {IEEE Transactions on Circuits and Systems I: Regular Papers},
  year =         {2016},
  volume =       {63},
  number =       {3},
  pages =        {401--412},
  month =        {Mar},
}

@article{jessa2002periodtent,
  title =        {The period of sequences generated by {Tent}-like maps},
  author =       {Jessa, Mieczyslaw},
  journal =      {IEEE Transactions on Circuits and Systems I: Fundamental Theory and Applications},
  volume =       {49},
  number =       {1},
  pages =        {84--89},
  year =         {2002},
  month =        {Jan},
}

@article{kocarev2003pseudorandom,
  title =        {Pseudorandom bits generated by chaotic maps},
  author =       {Kocarev, Ljupco and Jakimoski, Goce},
  journal =      {IEEE Transactions on Circuits and Systems I: Fundamental Theory and Applications},
  volume =       {50},
  number =       {1},
  pages =        {123--126},
  year =         {2003},
  month =        {Jan},
}

@article{Liu:Perturbation:IJBC2017,
  author =       {Lingfeng Liu and Jun Lin and Suoxia Miao and Bocheng Liu},
  title =        {A Double Perturbation Method for Reducing Dynamical Degradation of the Digital Baker Map},
  journal =      {International Journal of Bifurcation and Chaos},
  year =         {2017},
  volume =       {27},
  number =       {7},
  pages =        {art. no. 1750103},
}

@article{masuda2002cryptosystems,
  title =        {Cryptosystems with discretized chaotic maps},
  author =       {Masuda, Naoki and Aihara, Kazuyuki},
  journal =      {IEEE Transactions on Circuits and Systems I: Fundamental Theory and Applications},
  volume =       {49},
  number =       {1},
  pages =        {28--40},
  year =         {2002},
  month =        {Jan},
}

@ARTICLE{sharkovskii1964math,
  author =       {A. N. Sharkovskii},
  title =        {Coexistence of cycles of a continuous map of a line into itself (in Russian, English summaries)},
  journal =      {Ukrainskii Matemacheskii Zhurnal(Ukrainian Mathematical Journal)},
  year =         {1964},
  volume =       {16},
  number =       {1},
  pages =        {61--71},
}

@ARTICLE{Yorke1975math,
  author =       {Tien Yien Li and James A. Yorke},
  title =        {Period three implies chaos},
  journal =      {American Mathematical Monthly},
  year =         {1975},
  volume =       {82},
  number =       {10},
  pages =        {985--992},
}

@ARTICLE{David1980math,
  author =       {David Ruelle},
  title =        {Strange attractor},
  journal =      {The Mathematical Intelligencer},
  year =         {1980},
  volume =       {2},
  number =       {1},
  pages =        {126--137},
}

@ARTICLE{AN1995math,
  author =       {A. N. Sharkovskii},
  title =        {Coexistence of cycles of a continuous map of a line into itself},
  journal =      {Int. J. Bifurcation and Chaos},
  year =         {1995},
  volume =       {5},
  pages =        {1263–-1273},
}

@ARTICLE{Otton1976physics,
  author =       {Otton E. Rössler},
  title =        {An equation for continuous chaos},
  journal =      {Physics Letters A},
  year =         {1976},
  volume =       {57},
  number =       {5},
  pages =        {397-–398},
}

@ARTICLE{XuC2017network,
  author =       {Cheng Xu and Chengqing Li and Jinhu Lü and Shi Shu},
  title =        {On the network analysis of the state space of discrete dynamical systems},
  journal =      {International Journal of Bifurcation and Chaos},
  year =         {2017},
  volume =       {27},
  number =       {4},
  pages =        {Article number 1750062},
  doi =          {10.1142/S0218127417500626},
}

@ARTICLE{Hénon1976physics,
  author =       {M. Hénon},
  title =        {A two dimensional mapping with a strange attractor},
  journal =      {Communications in Mathematical Physics},
  year =         {1976},
  volume =       {261},
  pages =        {459–-467},
}

@ARTICLE{Feigenbaum1978physics,
  author =       {Mitchell J. Feigenbaum},
  title =        {Quantitative universality for a class of nonlinear transformations},
  journal =      {J. Statistical Physics},
  year =         {1978},
  volume =       {19},
  number =       {1},
  pages =        {25–52},
}

@ARTICLE{Robert1976life,
  author =       {Robert M. May},
  title =        {Simple mathematical models with very complicated dynamics},
  journal =      {Nature},
  year =         {1976},
  volume =       {261},
  pages =        {459–467},
}

@ARTICLE{Zaikin1970chemistry,
  author =       {A. N. Zaikin and A. M. Zhabotinsky},
  title =        {Concentration wave propagation in two-dimensional liquid-phase self-oscillating system},
  journal =      {Nature},
  year =         {1970},
  volume =       {225},
  pages =        {535–537},
}

@ARTICLE{Lorenz1963engineering,
  author =       {Edward N. Lorenz},
  title =        {Deterministic non-periodic flow},
  journal =      {J. Atmospheric Sciences},
  year =         {1963},
  volume =       {20},
  pages =        {130–141},
}

@ARTICLE{Edward1963engineering,
  author =       {Edward N. Lorenz},
  title =        {The predictability of hydrodynamic flow},
  journal =      {Trans. NY. Academy of Sciences Series II},
  year =         {1963},
  volume =       {25},
  pages =        {409–432},
}

@article{Catchen2013period,
  title =        {{Period distribution of the generalized discrete Arnold Cat map for $N=2^e$}},
  author =       {Chen, Fei and Wong, Kwok-Wo and Liao, Xiaofeng and Xiang, Tao},
  journal =      IEEE_J_IT,
  volume =       {59},
  number =       {5},
  pages =        {3249--3255},
  month =        {May},
  year =         {2013},
}

@article{heidari1994chaotic,
  title =        {A chaotic direct-sequence spread-spectrum communication system},
  author =       {Heidari-Bateni, Ghobad and McGillem, Clare D},
  journal =      {IEEE Transactions on Communications},
  volume =       {42},
  number =       {234},
  pages =        {1524--1527},
  year =         {1994},
  month =        {Feb},
}

@article{Neumann:logistic:BAMS47,
  author =       {S. M. Ulam and John von Neumann},
  title =        {On combination of stochastic and deterministic processes},
  journal =      {Bulletin of the American Mathematical Society},
  year =         {1947},
  volume =       {53},
  number =       {11},
  pages =        {1120},
}

@online{Rau:binary16,
  author =       {Christian Rau},
  title =        {Half-precision floating point library},
  howpublished = {\url{http://half.sourceforge.net/index.html}},
  year =         {2017},
}

@article{sedgewick1982complexity,
  title =        {The complexity of finding cycles in periodic functions},
  author =       {Sedgewick, Robert and Szymanski, Thomas G and Yao, Andrew C},
  journal =      {SIAM Journal on Computing},
  volume =       {11},
  number =       {2},
  pages =        {376--390},
  year =         {1982},
}

@article{vcernak1996digital,
  title =        {Digital generators of chaos},
  author =       {{\v{C}}ern{\'a}k, J},
  journal =      {Physics letters A},
  volume =       {214},
  number =       {3-4},
  pages =        {151--160},
  year =         {1996},
}

@article{lin1991chaos,
  title =        {On chaos of digital filters in the real world},
  author =       {Lin, T and Chua, Leon O},
  journal =      {IEEE Transactions on Circuits and Systems},
  volume =       {38},
  number =       {5},
  pages =        {557--558},
  year =         {1991},
  month =        {May},
}

@article{goldberg1991every,
  title =        {What every computer scientist should know about floating-point arithmetic},
  author =       {Goldberg, David},
  journal =      {ACM Computing Surveys},
  volume =       {23},
  number =       {1},
  pages =        {5--48},
  year =         {1991},
}

@book{overton2001floating,
  title =        {Numerical computing with IEEE floating point arithmetic},
  author =       {Michael L. Overton},
  year =         {2001},
  publisher =    {SIAM},
  address =      {Philadelphia, PA, USA},
  note =         {\url{http://mathworks.com/matlabcentral/fileexchange/37976}},
}

@article{zuras2008ieee,
  title =        {{IEEE} standard for floating-point arithmetic},
  author =       {Zuras, Dan and et al.},
  journal =      {IEEE Std 754-2008},
  pages =        {1--70},
  year =         {2008},
  publisher =    {IEEE}
}

@article{jessa2006sawtooth,
  title =        {Designing security for number sequences generated by means of the sawtooth chaotic map},
  author =       {Jessa, Mieczyslaw},
  journal =      {IEEE Transactions on Circuits and Systems--I: Regular Papers},
  volume =       {53},
  number =       {5},
  pages =        {1140--1150},
  year =         {2006},
  month =        {May},
}

@article{Borges:Mapping:EPJB07,
  author =       {E.P. Borges and D.O. Cajueiro and R.F.S. Andrade},
  title =        {Mapping dynamical systems onto complex networks},
  journal =      {The European Physical Journal B},
  year =         {2007},
  volume =       {58},
  number =       {4},
  pages =        {469--474},
}

@INPROCEEDINGS{Thurner:Logistic:ICCS2007,
  author =       {Fragiskos Kyriakopoulos and Stefan Thurner},
  title =        {Directed Network Representation of Discrete Dynamical Maps},
  booktitle =    {International Conference on Computational Science},
  series =       {Lecture Notes in Computer Science},
  volume =       {4488},
  publisher =    {Springer},
  pages =        {625--632},
  year =         {2007},
}

@article{xu:motif:PNAS08,
  author =       {Xiaoke Xu and Jie Zhang and Michael Small},
  title =        {Superfamily phenomena and motifs of networks induced from time series},
  journal =      {Proceedings of the National Academy of Sciences},
  year =         {2008},
  volume =       {105},
  number =       {50},
  pages =        {19601--19605},
}

@article{Shreim:NetworkCA:2007,
  author =       {Amer Shreim and Peter Grassberger and Walter Nadler and Bjoern Samuelsson and Joshua E. S. Socolar and Maya Paczuski},
  title =        {Network analysis of the state space of discrete dynamical systems},
  journal =      {Physical Review Letters},
  year =         {2007},
  volume =       {98},
  number =       {19},
  pages =        {198701},
}

@article{Cqli:CA:IJBC2017,
  author =       {Cheng Xu and Chengqing Li and Jinhu L\"u and Shi Shu},
  title =        {On the network analysis of the state space of discrete dynamical systems},
  journal =      {International Journal of Bifurcation and Chaos},
  year =         {2017},
  volume =       {27},
  number =       {4},
  pages =        {art. no. 1750062},
}

@article{Donner:GeometryDynamics:EPJB2011,
  author =       {R. V. Donner and J. Heitzig and J. F. Donges and Y. Zou and N. Marwan and J. Kurths},
  title =        {The geometry of chaotic dynamics--a complex network perspective},
  journal =      {European Physical Journal B},
  year =         {2011},
  volume =       {84},
  number =       {4},
  pages =        {653-672},
}

@article{Kurths:SeriesNetwork:PRE2012,
  author =       {Jonathan F. Donges and Jobst Heitzig and Reik V. Donner and Juergen Kurths},
  title =        {Analytical framework for recurrence network analysis of time series},
  journal =      {Physical Review E},
  year =         {2012},
  volume =       {85},
  number =       {4},
  pages =        {046105},
}

@online{Iba:LogisticNetwork:arxiv10,
  author =       {Takashi Iba},
  title =        {Scale-Free Networks Hidden in Chaotic Dynamical Systems},
  howpublished = {\href{https://arxiv.org/abs/1007.4137}{arXiv:nlin/1007.4137}},
  year =         {2010},
}

@article{Luque:FeigenbaumChaos:PLOS11,
  author =       {Bartolo Luque and Lucas Lacasa and Fernando J. Ballesteros and Alberto Robledo},
  title =        {Feigenbaum graphs: a complex network perspective of chaos},
  journal =      {PLoS One},
  year =         {2011},
  volume =       {6},
  number =       {9},
  pages =        {art. no. e22411},
}

@ARTICLE{Binder:Logistic:PRA86,
  author =       {Philippe M. Binder and Roderick V. Jensen},
  title =        {Simulating chaotic behavior with finite-state machines},
  journal =      {Physical Review A},
  year =         {1986},
  volume =       {34},
  number =       {5},
  pages =        {4460--4463},
}

@article{Zhang:NetworkTimeSeries:PRL2006,
  author =       {Jie Zhang and M Small},
  title =        {Complex network from pseudoperiodic time series: topology versus dynamics},
  journal =      {Physical Review Letters},
  year =         {2006},
  volume =       {96},
  number =       {23},
  pages =        {238701},
}

@article{werter1998improved,
  title =        {An improved chaotic digital encoder},
  author =       {Werter, Michael J},
  journal =      {IEEE Transactions on Circuits and Systems II: Analog and Digital Signal Processing},
  volume =       {45},
  number =       {2},
  pages =        {227--229},
  year =         {1998},
}

@article{Binder:periodicorbits:2003,
  author =       {P.-M. Binder and Nicholas H. Okamoto},
  title =        {Unstable periodic orbits and discretization cycles},
  journal =      {Physical Review E},
  year =         {2003},
  volume =       {68},
  number =       {4},
  pages =        {046206},
}

@article{Binder:cycles:PHyD1992,
  author =       {PM Binder},
  title =        {Limit-cycles in a quadratic discrete iteration},
  journal =      {Physica D},
  year =         {1992},
  volume =       {57},
  number =       {1-2},
  pages =        {31-38},
}

@BOOK{Saupe:bookchaos:2004,
  author =       {Heinz-Otto Peitgen and Hartmut Jurgens and Dietmar Saupe},
  title =        {Chaos and fractals: new frontiers of science},
  publisher =    {Springer},
  year =         {2004},
}

@article{cong2001design:hopping,
  title =        {Design and realization of an FPGA-based generator for chaotic frequency hopping sequences},
  author =       {Cong, Ling and Xiaofu, Wu},
  journal =      {IEEE Transactions on Circuits and Systems I: Fundamental Theory and Applications},
  volume =       {48},
  number =       {5},
  pages =        {521--532},
  year =         {2001},
}

@article{park1988random:ACM,
  title =        {Random number generators: good ones are hard to find},
  author =       {Park, Stephen K. and Miller, Keith W.},
  journal =      {Communications of the ACM},
  volume =       {31},
  number =       {10},
  pages =        {1192--1201},
  year =         {1988},
}

@article{tao1998perturbance,
  title =        {Perturbance-based algorithm to expand cycle length of chaotic key stream},
  author =       {Tao Sang and Ruli Wang and Yixun Yan},
  journal =      {Electronics Letters},
  volume =       {34},
  number =       {9},
  pages =        {873--874},
  year =         {1998},
}

@article{addabbo2007class:TCASI,
  title =        {A class of maximum-period nonlinear congruential generators derived from the {R\'enyi} chaotic map},
  author =       {Addabbo, Tommaso and Alioto, Massimo and Fort, Ada and Pasini, Antonio and Rocchi, Santina and Vignoli, Valerio},
  journal =      {IEEE Transactions on Circuits and Systems I: Regular Papers},
  volume =       {54},
  number =       {4},
  pages =        {816--828},
  year =         {2007},
  month =        {Apr},
}

@article{callegari2005embeddable:true,
  title =        {Embeddable {ADC}-based true random number generator for cryptographic applications exploiting nonlinear signal processing and chaos},
  author =       {Callegari, Sergio and Rovatti, Riccardo and Setti, Gianluca},
  journal =      {IEEE Transactions on Signal Processing},
  volume =       {53},
  number =       {2},
  pages =        {793--805},
  year =         {2005},
  month =        {Feb},
}

@BOOK{Blank1997Discreteness,
  author =       {Michael Blank},
  title =        {Discreteness and Continuity in Problems of Chaotic Dynamics, volume 161 of Translations of Mathematical Monographs},
  publisher =    {American Mathematical Society, Providence, Rhode Island},
  year =         {1997},
}

@BOOK{Math2000Probability,
  author =       {《现代应用数学手册》编委会},
  title =        {现代应用数学手册:概率论与随机过程卷},
  publisher =    {清华大学出版社},
  year =         {2000},
  address =      {中国北京},
}


@article{kocarev2006discrete,
  title =        {Discrete chaos--{I}: Theory},
  author =       {Kocarev, Ljupco and Szczepanski, Janusz and Amig{\'o}, Jos{\'e} Mar{\'\i}a and Tomovski, Igor},
  journal =      {{IEEE Transactions on Circuits and Systems--I: Regular Papers}},
  volume =       {53},
  number =       {6},
  pages =        {1300--1309},
  year =         {2006},
  month =        {Jun},
}

@article{Takeru:Logistic:IEICE,
  title =        {Rounding logistic maps over integers and the properties of the generated sequences},
  author =       {Miyazaki, Takeru and Araki, Shunsuke and Nogami, Yasuyuki and Uehara, Satoshi},
  journal =      {{IEICE Transactions on Fundamentals of Electronics, Communications and Computer Sciences}},
  volume =       {94},
  number =       {9},
  pages =        {1817--1825},
  year =         {2011},
}

@inproceedings{miyazaki:logistic:SDAC09,
  title =        {A study on relations between loops in sequences generated by the {Logistic} map over integers and real numbers},
  author =       {Miyazaki, Takeru and Araki, Shunsuke and Uehara, Satoshi},
  booktitle =    {The Fourth International Workshop on Signal Design and its Applications in Communications},
  pages =        {165--168},
  year =         {2009},
  organization = {IEEE},
}

@inproceedings{Uehara:logistic:ITA,
  title =        {A design guide of renewal of a parameter of the {Logistic} map over integers on pseudorandom number generator},
  author =       {Shunsuke Araki and Hideyuki Muraoka and Takeru Miyazaki and Satoshi Uehara and Ken'ichi Kakizaki},
  booktitle =    {International Symposium on Information Theory and Its Applications},
  pages =        {781--785},
  year =         {2016},
  organization = {IEEE},
}

@online{Rukhin:TestPRNG:NIST,
  author =       {Andrew Rukhin and et al.},
  title =        {A Statistical Test Suite for Random and Pseudorandom Number Generators for Cryptographic Applications},
  howpublished = {NIST Special Publication 800-22rev1a},
  year =         {2010},
  note =         {available online at \url{http://csrc.nist.gov/groups/ST/toolkit/rng/documentation_software.html}},
}

@article{Pierre:TestU01:TMS07,
  author =       {Pierre L' Ecuyer And Richard Simard},
  title =        {{TestU01: A C library for empirical testing of random number generators}},
  journal =      {ACM Transactions on Mathematical Software},
  year =         {2007},
  volume =       {33},
  number =       {4},
  pages =        {art. no. 22},
}

@article{Chen:random:CASII2010,
  title =        {Randomness enhancement using digitalized modified logistic map},
  author =       {Chen, Shih-Liang and Hwang, TingTing and Lin, Wen-Wei},
  journal =      {{IEEE Transactions on Circuits and Systems II: Express Briefs}},
  volume =       {57},
  number =       {12},
  pages =        {996--1000},
  year =         {2010},
  month =        {Dec},
}

@article{liao:period:SCIS17,
  title =        {Period analysis of the {Logistic} map for the finite field},
  author =       {Yang, Bo and Liao, Xiaofeng},
  journal =      {Science China Information Sciences},
  volume =       {60},
  number =       {2},
  pages =        {022302},
  year =         {2017},
}

@article{Kohda:Statistics:TIT1997,
  author =       {Toh Kohda and Akio Tsuneda},
  title =        {Statistics of chaotic binary sequences},
  journal =      {IEEE Transactions on Information Theory},
  year =         {1997},
  volume =       {43},
  number =       {1},
  pages =        {104--112},
}
@ARTICLE{Yorke:attractors:PD1984,
  author =       {Grebogi C and Ott E and Pelikan S and Yorke J A},
  title =        {Strange attractors that are not chaotic},
  journal =      {Physica D},
  year =         {1984},
  volume =       {13},
  pages =        {261--268},
}


@article{Addabbo:Tent:ITIM2006,
  author =       {Tommaso Addabbo and Massimo Alioto and Ada Fort and Santina Rocchi and Valerio Vignoli},
  title =        {The digital {Tent} map: performance analysis and optimized design as a low-complexity source of pseudorandom bits},
  journal =      {IEEE Transactions on Instrumentation and Measurement},
  year =         {2006},
  month =        {Oct},
  volume =       {55},
  number =       {5},
  pages =        {1451-1458},
}

@article{YCZhou:Switching:TCASI2014,
  author =       {Yue Wu and Yicong Zhou and Long Bao},
  title =        {Discrete wheel-switching chaotic system and applications},
  journal =      {IEEE Transactions on Circuits and Systems I-Regular Papers},
  year =         {2014},
  volume =       {61},
  number =       {12},
  pages =        {3469-3477},
  month =        {Dec},
}

@article{Yorke:Round:PRA88,
  title =        {Roundoff-induced periodicity and the correlation dimension of chaotic attractors},
  author =       {Grebogi, Celso and Ott, Edward and Yorke, James A},
  journal =      {Physical Review A},
  volume =       {38},
  number =       {7},
  pages =        {3688},
  year =         {1988},
}

@article{Phatak:LogisticRNG:PRE95,
  author =       {S. C. Phatak and S. Suresh Rao},
  title =        {{Logistic} map: A possible random-number generator},
  journal =      {Physical Review E},
  year =         {1995},
  volume =       {51},
  number =       {4},
  pages =        {3670--3678},
}

@article{Galias:rounding:CSM2013,
  author =       {Zbigniew Galias},
  title =        {The dangers of rounding errors for simulations and analysis of nonlinear circuits and systems--and how to avoid them},
  journal =      {IEEE Circuits and Systems Magazine},
  year =         {2013},
  volume =       {13},
  number =       {3},
  pages =        {35-52},
  month =        {Aug},
}

@article{nagaraj2008increasing,
  title =        {Increasing average period lengths by switching of robust chaos maps in finite precision},
  author =       {Nagaraj, Nithin and Shastry, Mahesh C and Vaidya, Prabhakar G},
  journal =      {The European Physical Journal Special Topics},
  volume =       {165},
  number =       {1},
  pages =        {73--83},
  year =         {2008},
}

@article{LiCY:PRNS:VLSI2012,
  author =       {Chung-Yi Li and Yuan-Ho Chen and Tsin-Yuan Chang and Lih-Yuan Deng and Kiwing To},
  title =        {Period extension and randomness enhancement using high-throughput reseeding-mixing {PRNG}},
  journal =      {IEEE Transactions on Very Large Scale Integration ({VLSI}) Systems},
  year =         {2012},
  volume =       {20},
  number =       {2},
  pages =        {385-389},
  month =        {Feb},
}

@article{HPhu:DCS:SMCS2015,
  author =       {Yashuang Deng and Hanping Hu and Wei Xiong and Neal N. Xiong and Lingfeng Liu},
  title =        {Analysis and design of digital chaotic systems with desirable performance via feedback control},
  journal =      {IEEE Transactions on Systems, Man, and Cybernetics: Systems},
  year =         {2015},
  volume =       {45},
  number =       {8},
  pages =        {1187--1200},
  month =        {Aug},
}

@article{Li:DPWLCM:IJBC2005,
  author =       {Shujun Li and Guanrong Chen and Xuanqin Mou},
  title =        {On the Dynamical Degradation of Digital Piecewise Linear Chaotic Maps},
  journal =      {International Journal of Bifurcation and Chaos},
  year =         {2005},
  volume =       {15},
  number =       {10},
  pages =        {3119-3151},
}

@ARTICLE{Persohn:AnalyzeLogistic:CSF12,
  author =       {K.J. Persohn and R.J. Povinelli},
  title =        {Analyzing {Logistic} map pseudorandom number generators for periodicity induced by finite precision floating-point representation},
  journal =      {Chaos Solitons \textup{\&} Fractals},
  year =         {2012},
  volume =       {45},
  number =       {3},
  pages =        {238--245},
}

@article{Oteo:error:PRE2007,
  title =        {Double precision errors in the {Logistic} map: Statistical study and dynamical interpretation},
  author =       {Oteo, JA and Ros, J},
  journal =      {Physical Review E},
  volume =       {76},
  number =       {3},
  pages =        {036214},
  year =         {2007},
}

@INPROCEEDINGS{Iba:NetworkChaos:ICCS2011,
  author =       {Takashi Iba},
  title =        {Hidden Order in Chaos: The Network-Analysis Approach To Dynamical Systems},
  booktitle =    {Proceedings of the Eighth International Conference on Complex Systems},
  year =         {2011},
  pages =        {769--783},
  note =         {\url{http://necsi.edu/events/iccs2011/papers/70.pdf}},
}

@article{gong2003emergence,
  title =        {Emergence of scale-free network with chaotic units},
  author =       {Gong, Pulin and van Leeuwen, Cees},
  journal =      {Physica A: Statistical Mechanics and its Applications},
  volume =       {321},
  number =       {3},
  pages =        {679--688},
  year =         {2003},
}

@BOOK{hao2013dynamics,
  author =       {郝柏林},
  title =        {从抛物线谈起:混沌动力学引论},
  publisher =    {北京大学出版社},
  year =         {2013},
  address =      {中国北京},
}

@BOOK{hu2001chaos,
  author =       {胡岗，肖井华，郑志刚},
  title =        {混沌控制},
  publisher =    {上海科技教育出版社},
  year =         {2001},
  address =      {中国上海},
}

@ARTICLE{zhou1997precision,
  author =       {周红，凌燮亭},
  title =        {有限精度混沌系统的m序列扰动实现},
  journal =      {电子学报},
  year =         {1997},
  volume =       {25},
  number =       {7},
  pages =        {95--97},
}


@PHDTHESIS{SJ2003dynamics,
  author =       {李树钧},
  title =        {数字化混沌密码的分析与设计},
  school =       {西安交通大学电子与信息工程学院},
  year =         {2003},
  type =         {博士学位论文},
  address =      {中国西安},
}

@PHDTHESIS{XJ2011chaos,
  author =       {武相军},
  title =        {复杂混沌动力学网络系统的同步及其应用研究},
  school =       {上海交通大学电子信息与电气工程学院},
  year =         {2011},
  type =         {博士学位论文},
  address =      {中国上海},
}


@ARTICLE{Rintaro:Cytoscape:NM12,
  author =       {Rintaro Saito and Michael E Smoot and et al.},
  title =        {A travel guide to Cytoscape plugins},
  journal =      {Nature Methods},
  year =         {2012},
  volume =       {9},
  number =       {11},
  pages =        {1069--1076},
}

@article{Yu:multifractal:Chaos15,
  author =       {Jin-Long Liu and Zu-Guo Yu and Anh Vo Anh},
  title =        {Determination of multifractal dimensions of complex networks by means of the sandbox algorithm},
  journal =      {Chaos},
  year =         {2015},
  volume =       {25},
  number =       {2},
  pages =        {art. no. 23103},
}

@ARTICLE{Yoshioka2018Chebyshev,
  author =       {Daisaburo Yoshioka},
  title =        {Properties of Chebyshev Polynomials Modulo $p^k$},
  journal =      {IEEE TRANSACTIONS ON CIRCUITS AND SYSTEMS II-EXPRESS BRIEFS},
  year =         {2018},
  volume =       {65},
  number =       {3},
  pages =        {386--390},
}

@ARTICLE{Yoshioka2016Chebyshev,
  author =       {Daisaburo Yoshioka and Kento Kawano},
  title =        {Periodic Properties of Chebyshev Polynomial Sequences Over the Residue Ring $\mathbb{Z}/2^k\mathbb{Z}$},
  journal =      {IEEE TRANSACTIONS ON CIRCUITS AND SYSTEMS II-EXPRESS BRIEFS},
  year =         {2016},
  volume =       {63},
  number =       {8},
  pages =        {778--782},
}


@article{dastgheib2017digital,
  title =        {A digital pseudo-random number generator based on sawtooth chaotic map with a guaranteed enhanced period},
  author =       {Dastgheib, Mohammad A and Farhang, Mahmoud},
  journal =      {Nonlinear Dynamics, doi:10.1007/s11071-017-3638-3},
  pages =        {1--10},
  year =         {2017},
  publisher =    {Springer},
}

@article{Kurths:PLA:2009,
  author =       {Norbert Marwan and Jonathan F. Donges and Yong Zou and Reik V. Donner and Juergen Kurths},
  title =        {Complex network approach for recurrence analysis of time series},
  journal =      {Physics Letters A},
  year =         {2009},
  volume =       {373},
  number =       {46},
  pages =        {4246-4254},
}

@article{laubenbacher2001equivalence,
  title={Equivalence relations on finite dynamical systems},
  author={Laubenbacher, Reinhard and Pareigis, Bodo},
  journal={Advances in applied mathematics},
  volume={26},
  number={3},
  pages={237--251},
  year={2001},
}

@book{hall1959marshall,
  title={The Theory of Groups},
  author={Hall, Marshall},
  year={1959},
  publisher={New York: The Macmillan Co}
}

@article{Davidchack1999PRE,
  title =	{Efficient algorithm for detecting unstable periodic orbits in chaotic systems},
  author =	{Ruslan L. Davidchack and Ying-Cheng Lai},
  journal =	{Physical Review E},
  volume =	{60},
  number =	{5},
  pages =	{6172-6175},
  year =	{1999},
}

@article{dyson1992periodCat,
  title =	{Period of a discrete cat mapping},
  author =	{Dyson, Freeman J and Falk, Harold},
  journal =	{The American Mathematical Monthly},
  volume =	{99},
  number =	{7},
  pages =	{603--614},
  year =	{1992},
}

@article{Wu:catmapITC:2016,
  author =       {Yue Wu and Zhongyun Hua and Yicong Zhou},
  title =        {{$N$}-dimensional discrete cat map generation using laplace expansions},
  journal =      {IEEE Transactions on Cybernetics},
  year =         {2016},
  month =        {Nov},
  volume =       {46},
  number =       {11},
  pages =        {2622-2633},
  doi =          {10.1109/TCYB.2015.2483621},
}

@article{Chen:linearCNSNS:2012,
  author =       {Fei Chen and Xiaofeng Liao and Kwok-Wo Wong and Qi Han and Yang Li},
  title =        {Period distribution analysis of some linear maps},
  journal =      {Communications in Nonlinear Science and Numerical Simulation},
  year =         {2012},
  month =        {Oct},
  volume =       {17},
  number =       {10},
  pages =        {3848-3856},
  doi =          {10.1016/j.cnsns.2012.02.021},
}

@book{hardy1979numbers,
  title =        {An introduction to the theory of numbers},
  author =       {Hardy, Godfrey Harold and Wright, Edward Maitland},
  year =         {2008},
  edition =      {6},
  publisher =    {Oxford University Press},
  address =      {Oxford OX2 6DP, UK},
}

@book{arnol1968mathematical,
  title =        {Mathematical methods of classical mechanics},
  author =       {Arnol'd, Vladimir Igorevich and A. Avez},
  year =         {1968},
  publisher =    {New York:  W. A. Benjamin}
}

@article{chen2014period:TCS14,
  author =       {Fei Chen and Kwok-Wo Wong and Xiaofeng Liao and Tao Xiang},
  title =        {Period distribution of generalized discrete arnold cat map},
  journal =      {Theoretical Computer Science},
  year =         {2014},
  month =        {Oct},
  volume =       {552},
  pages =        {13-25},
  doi =          {10.1016/j.tcs.2014.08.002},
}

@article{bohme2007security:Euler,
  title={On the Security of ``A Steganographic Scheme for Secure Communications Based on the Chaos and the Euler Theorem"},
  author={Bohme, Rainer and Keiler, Christian},
  journal={IEEE Transactions on Multimedia},
  volume={9},
  number={6},
  pages={1325--1329},
  year={2007},
}

@article{chen2012periodpe,
  title =        {Period distribution of generalized discrete Arnold cat map for {$N=p^e$}},
  author =       {Chen, Fei and Wong, Kwok-Wo and Liao, Xiaofeng and Xiang, Tao},
  journal =      {IEEE Transactions on Information Theory},
  volume =       {58},
  number =       {1},
  pages =        {445--452},
  year =         {2012},
  month =        {Jan},
  doi =          {10.1109/TIT.2011.2171534},
}

@article{Catchen2013period2e,
  title =        {Period distribution of the generalized discrete Arnold Cat map for {$N=2^e$}},
  author =       {Chen, Fei and Wong, Kwok-Wo and Liao, Xiaofeng and Xiang, Tao},
  journal =      IEEE_J_IT,
  volume =       {59},
  number =       {5},
  pages =        {3249--3255},
  month =        {May},
  year =         {2013},
}

@article{Chen:CSF:2004,
  author =       {Guanrong Chen and Yaobbin Mao and Charles K. Chui},
  title =        {A symmetric image encryption scheme based on {3D} chaotic cat maps},
  journal =      {Chaos Solitons \& Fractals},
  year =         {2004},
  month =        {Jul},
  volume =       {21},
  number =       {3},
  pages =        {749-761},
  doi =          {10.1016/j.chaos.2003.12.022},
}

@article{kwok2007generalCatMap,
  title =        {A fast image encryption system based on chaotic maps with finite precision representation},
  author =       {Kwok, HS and Tang, Wallace KS},
  journal =      {Chaos, Solitons \& Fractals},
  volume =       {32},
  number =       {4},
  pages =        {1518--1529},
  year =         {2007},
}

@article{Chen:CBM:2015,
  author =       {Lei Chen and Shihong Wang},
  title =        {Differential cryptanalysis of a medical image cryptosystem with multiple rounds},
  journal =      {Computers in Biology and Medicine},
  year =         {2015},
  month =        {OCT 1},
  volume =       {65},
  pages =        {69-75},
  doi =          {10.1016/j.compbiomed.2015.07.024},
}

@article{Kurlberg:AM:2005,
  author =       {P Kurlberg and Z Rudnick},
  title =        {On the distribution of matrix elements for the quantum cat map},
  journal =      {Annals of Mathematics},
  year =         {2005},
  month =        {JAN},
  volume =       {161},
  number =       {1},
  pages =        {489-507},
}

@article{Bao:ND:2012,
  author =       {Jianghong Bao and Qigui Yang},
  title =        {Period of the discrete arnold cat map and general cat map},
  journal =      {Nonlinear Dynamics},
  year =         {2012},
  month =        {Oct},
  volume =       {70},
  number =       {2},
  pages =        {1365-1375},
  doi =          {10.1007/s11071-012-0539-3},
}

@article{Kelmer:AM:2010,
  author =       {Dubi Kelmer},
  title =        {Arithmetic quantum unique ergodicity for symplectic linear maps of the multidimensional torus},
  journal =      {Annals of Mathematics},
  year =         {2010},
  month =        {MAR},
  volume =       {171},
  number =       {2},
  pages =        {815-879},
}

@inproceedings{Liu:PIISCSV:2008,
  author =       {Y. Liu and Wallace K. S. Tang and H. S. Kwok},
  title =        {Formulation and analysis of high-dimensional chaotic maps},
  booktitle =    {Proceedings of 2008 IEEE international symposium on circuits and systems, vols 1-10},
  year =         {2008},
  pages =        {772-775},
  doi =          {10.1109/ISCAS.2008.4541532},
}

@article{Liu:OLT:2014,
  author =       {Hong Liu and Yanbing Liu},
  title =        {Security assessment on block-cat-map based permutation applied to image encryption scheme},
  journal =      {Optics and Laser Technology},
  year =         {2014},
  month =        {MAR},
  volume =       {56},
  pages =        {313-316},
  doi =          {10.1016/j.optlastec.2013.09.012},
}

@article{Penrose:PTRSAPES:2013,
  author =       {Oliver Penrose},
  title =        {Entropy and irreversibility in dynamical systems},
  journal =      {Philosophical Transactions of the Royal Society A-Mathematical Physical and Engineering Sciences},
  year =         {2013},
  month =        {DEC 28},
  volume =       {371},
  number =       {2005, SI},
  pages =        {Article number 20120349},
  doi =          {10.1098/rsta.2012.0349},
}

@article{Dittrich:PRL:2009,
  author =       {Thomas Dittrich and Leonardo A. Pachon},
  title =        {Time-domain scars: resolving the spectral form factor in phase space},
  journal =      {Physical Review Letters},
  year =         {2009},
  month =        {APR 17},
  volume =       {102},
  number =       {15},
  pages =        {Article number 150401},
  doi =          {10.1103/PhysRevLett.102.150401},
}

@article{Isaeva:PR:2006,
  author =       {Olga B. Isaeva and Alexey Yu. Jalnine and Sergey P. Kuznetsov},
  title =        {Arnold's cat map dynamics in a system of coupled nonautonomous van der pol oscillators},
  journal =      {Physical Review e},
  year =         {2006},
  month =        {OCT},
  volume =       {74},
  number =       {4, 2},
  pages =        {Article number 046207},
  doi =          {10.1103/PhysRevE.74.046207},
}

@inproceedings{Kazuyoshi2016Logistic,
  author =       {Kazuyoshi Tsuchiya and Yasuyuki Nogami},
  title =        {Periods of sequences generated by the logistic map over finite fields with control parameter four},
  booktitle =    {the Seventh International Workshop on Signal Design and its Applications in Communications (IWSDA)},
  year =         {2016},
  pages  =       {155--159},
  organization = {IEEE},
}

@article{Barash:PR:2006,
  author =       {L Barash and LN Shchur},
  title =        {Periodic orbits of the ensemble of sinai-arnold cat maps and pseudorandom number generation},
  journal =      {Physical Review e},
  year =         {2006},
  month =        {MAR},
  volume =       {73},
  number =       {3, 2},
  pages =        {Article number 036701},
  doi =          {10.1103/PhysRevE.73.036701},
}

@article{Falcioni:PR:2005,
  author =       {M Falcioni and L Palatella and S Pigolotti and A Vulpiani},
  title =        {Properties making a chaotic system a good pseudo random number generator},
  journal =      {Physical Review e},
  year =         {2005},
  month =        {JUL},
  volume =       {72},
  number =       {1, 2},
  pages =        {Article number 016220},
  doi =          {10.1103/PhysRevE.72.016220},
}

@article{Mendes:PR:2003,
  author =       {RV Mendes and VI Man'ko},
  title =        {Quantum control and the strocchi map},
  journal =      {Physical Review a},
  year =         {2003},
  month =        {MAY},
  volume =       {67},
  number =       {5},
  pages =        {Article number 053404},
  doi =          {10.1103/PhysRevA.67.053404},
}

@article{Dana:PR:2003,
  author =       {I Dana and VE Chernov},
  title =        {Chaotic diffusion on periodic orbits: the perturbed arnold cat map},
  journal =      {Physical Review e},
  year =         {2003},
  month =        {APR},
  volume =       {67},
  number =       {4, 2},
  pages =        {Article number 046203},
  doi =          {10.1103/PhysRevE.67.046203},
}

@article{Pattanayak:PRL:2003,
  author =       {AK Pattanayak and B Sundaram and BD Greenbaum},
  title =        {Parameter scaling in the decoherent quantum-classical transition for chaotic systems},
  journal =      {Physical Review Letters},
  year =         {2003},
  month =        {JAN 10},
  volume =       {90},
  number =       {1},
  pages =        {Article number 014103},
  doi =          {10.1103/PhysRevLett.90.014103},
}

@article{Sano:PR:2002,
  author =       {MM Sano},
  title =        {Parametric dependence of the pollicott-ruelle resonances for sawtooth maps},
  journal =      {Physical Review e},
  year =         {2002},
  month =        {OCT},
  volume =       {66},
  number =       {4, 2},
  pages =        {Article number 046211},
  doi =          {10.1103/PhysRevE.66.046211},
}

@article{Georgeot:PRL:2001,
  author =       {B Georgeot and DL Shepelyansky},
  title =        {Stable quantum computation of unstable classical chaos},
  journal =      {Physical Review Letters},
  year =         {2001},
  month =        {JUN 4},
  volume =       {86},
  number =       {23},
  pages =        {5393-5396},
  doi =          {10.1103/PhysRevLett.86.5393},
}

@article{Wang:PR:2001,
  author =       {J Wang and CH Lai and Y Gu},
  title =        {Ergodicity and scars of the quantum cat map in the semiclassical regime},
  journal =      {Physical Review e},
  year =         {2001},
  month =        {MAY},
  volume =       {63},
  number =       {5, 2},
  pages =        {Article number 056208},
  doi =          {10.1103/PhysRevE.63.056208},
}

@article{Blum:PR:2000,
  author =       {G Blum and O Agam},
  title =        {Leading ruelle resonances of chaotic maps},
  journal =      {Physical Review e},
  year =         {2000},
  month =        {AUG},
  volume =       {62},
  number =       {2, A},
  pages =        {1977-1982},
  doi =          {10.1103/PhysRevE.62.1977},
}

@article{Pattanayak:PR:1997,
  author =       {AK Pattanayak and P Brumer},
  title =        {Chaos and lyapunov exponents in classical and quantal distribution dynamics},
  journal =      {Physical Review e},
  year =         {1997},
  month =        {NOV},
  volume =       {56},
  number =       {5, A},
  pages =        {5174-5177},
  doi =          {10.1103/PhysRevE.56.5174},
}

@article{Schwengelbeck:PR:1997,
  author =       {U Schwengelbeck and FHM Faisal},
  title =        {Transition to deterministic chaos in a periodically driven quantum system and breaking of the time-reversal symmetry},
  journal =      {Physical Review e},
  year =         {1997},
  month =        {MAY},
  volume =       {55},
  number =       {5, B},
  pages =        {6260-6263},
  doi =          {10.1103/PhysRevE.55.6260},
}

@article{Pattanayak:PRL:1996,
  author =       {AK Pattanayak and P Brumer},
  title =        {Exponential divergence and long time relaxation in chaotic quantum dynamics},
  journal =      {Physical Review Letters},
  year =         {1996},
  month =        {JUL 1},
  volume =       {77},
  number =       {1},
  pages =        {59-62},
  doi =          {10.1103/PhysRevLett.77.59},
}

@article{Peres:PR:1996,
  author =       {A Peres},
  title =        {Chaotic evolution in quantum mechanics},
  journal =      {Physical Review e},
  year =         {1996},
  month =        {MAY},
  volume =       {53},
  number =       {5, A},
  pages =        {4524-4527},
  doi =          {10.1103/PhysRevE.53.4524},
}

@article{SHIOKAWA:PR:1995,
  author =       {K SHIOKAWA and BL HU},
  title =        {Decoherence, delocalization, and irreversibility in quantum chaotic systems},
  journal =      {Physical Review e},
  year =         {1995},
  month =        {SEP},
  volume =       {52},
  number =       {3, A},
  pages =        {2497-2509},
  doi =          {10.1103/PhysRevE.52.2497},
}

@article{BOASMAN:PRSPS:1995,
  author =       {PA BOASMAN and JP KEATING},
  title =        {Semiclassical asymptotics of perturbed cat maps},
  journal =      {Proceedings of the Royal Society-Mathematical and Physical Sciences},
  year =         {1995},
  month =        {JUN 8},
  volume =       {449},
  number =       {1937},
  pages =        {629-653},
  doi =          {10.1098/rspa.1995.0063},
}

@article{LAKSHMINARAYAN:PL:1994,
  author =       {A LAKSHMINARAYAN},
  title =        {Semiclassical theory of the sawtooth map},
  journal =      {Physics Letters a},
  year =         {1994},
  month =        {SEP 12},
  volume =       {192},
  number =       {5-6},
  pages =        {345-354},
  doi =          {10.1016/0375-9601(94)90217-8},
}

@article{BLUMEL:PRL:1994,
  author =       {R BLUMEL},
  title =        {Exponential sensitivity and chaos in quantum-systems},
  journal =      {Physical Review Letters},
  year =         {1994},
  month =        {JUL 18},
  volume =       {73},
  number =       {3},
  pages =        {428-431},
  doi =          {10.1103/PhysRevLett.73.428},
}
